@misc{karras2019analyzing,
    title={Analyzing and Improving the Image Quality of StyleGAN},
    author={Tero Karras and Samuli Laine and Miika Aittala and Janne Hellsten and Jaakko Lehtinen and Timo Aila},
    year={2019},
    eprint={1912.04958},
    archivePrefix={arXiv},
    primaryClass={cs.CV}
}

@misc{kingma2018glow,
    title={Glow: Generative Flow with Invertible 1x1 Convolutions},
    author={Diederik P. Kingma and Prafulla Dhariwal},
    year={2018},
    eprint={1807.03039},
    archivePrefix={arXiv},
    primaryClass={stat.ML}
}

@misc{karras2018stylebased,
    title={A Style-Based Generator Architecture for Generative Adversarial Networks},
    author={Tero Karras and Samuli Laine and Timo Aila},
    year={2018},
    eprint={1812.04948},
    archivePrefix={arXiv},
    primaryClass={cs.NE}
}

@ARTICLE{dinh2016nvp,
       author = {{Dinh}, Laurent and {Sohl-Dickstein}, Jascha and {Bengio}, Samy},
        title = "{Density estimation using Real NVP}",
      journal = {arXiv e-prints},
     keywords = {Computer Science - Machine Learning, Computer Science - Artificial Intelligence, Computer Science - Neural and Evolutionary Computing, Statistics - Machine Learning},
         year = 2016,
        month = may,
          eid = {arXiv:1605.08803},
        pages = {arXiv:1605.08803},
archivePrefix = {arXiv},
       eprint = {1605.08803},
 primaryClass = {cs.LG},
       adsurl = {https://ui.adsabs.harvard.edu/abs/2016arXiv160508803D},
      adsnote = {Provided by the SAO/NASA Astrophysics Data System}
}